@article{aryanto2015free,
  title={Free {DICOM} de-identification tools in clinical research: functioning and safety of patient privacy},
  author={Aryanto, KYE and Oudkerk, M and van Ooijen, PMA},
  journal={European radiology},
  volume={25},
  number={12},
  pages={3685--3695},
  year={2015},
  publisher={Springer}
}
